% This file was created with JabRef 2.10.
% Encoding: UTF8


@Article{borisov2002,
  Title                    = {On the history of the development of the nonholonomic dynamics},
  Author                   = {A. V. Borisov and I. S. Mamaev},
  Journal                  = {Regular and Chaotic Dynamics},
  Year                     = {2002},
  Number                   = {1},
  Pages                    = {43-47},
  Volume                   = {7},

  Owner                    = {Administrator},
  Timestamp                = {2014.03.25}
}

@Article{cronstrom2009,
  Title                    = {On nonholonomic systems and variational principles},
  Author                   = {Christofer Cronstr\"{o}m and Tommi Raita},
  Journal                  = {Journal of Mathematical Physics},
  Year                     = {2009},
  Number                   = {042901},
  Volume                   = {50},

  Owner                    = {Administrator},
  Timestamp                = {2014.03.25}
}

@Article{Flannery2011,
  Title                    = {The elusive d'Alembert-Lagrange dynamics of nonholonomic systems},
  Author                   = {M. R. Flannery},
  Journal                  = {American Journal of Physics},
  Year                     = {2011},

  Month                    = {September},
  Number                   = {9},
  Pages                    = {932-944},
  Volume                   = {79},

  File                     = {:The elusive d’Alembert-Lagrange dynamics of nonholonomic systems.pdf:PDF},
  Owner                    = {steven},
  Timestamp                = {2014.03.07}
}

@Article{Flannery201102,
  Title                    = {d'Alembert-Lagrange analytical dynamics for nonholonomic systems},
  Author                   = {M. R. Flannery},
  Journal                  = {Journal of Mathematical Physics},
  Year                     = {2011},
  Number                   = {032705},
  Volume                   = {52},

  Owner                    = {steven},
  Timestamp                = {2014.03.16}
}

@Article{Flannery2005,
  Title                    = {The enigma of nonholonomic constraints},
  Author                   = {M. R. Flannery},
  Journal                  = {American Journal of Physics},
  Year                     = {2005},

  Month                    = {March},
  Number                   = {3},
  Pages                    = {265-272},
  Volume                   = {73},

  File                     = {The enigma of nonholonomic constraints.pdf:The enigma of nonholonomic constraints.pdf:PDF},
  Owner                    = {steven},
  Timestamp                = {2014.03.07}
}

@Article{Gao2005,
  Title                    = {To derive Lagrange equations of nonholonomic systems without using the Chetaev conditions},
  Author                   = {P. Gao},
  Journal                  = {Mechanics Research Communications},
  Year                     = {2005},
  Pages                    = {255-264},
  Volume                   = {32},

  Owner                    = {steven},
  Timestamp                = {2014.03.16}
}

@Book{goldenstein,
  Title                    = {Classical Mechanics},
  Author                   = {Herbert Goldstein and Charles Poole and John Safko},
  Publisher                = {Addison-Wesley},
  Year                     = {2002},

  Owner                    = {Administrator},
  Timestamp                = {2014.03.24}
}

@Article{guo1994,
  Title                    = {Rational solutions to a class of nonholonomic systems},
  Author                   = {Z. H. Guo},
  Journal                  = {Science in China, Series A},
  Year                     = {1994},
  Pages                    = {433-449},
  Volume                   = {37},

  Owner                    = {Administrator},
  Timestamp                = {2014.03.24}
}

@Book{hertz1896,
  Title                    = {Principles of Mechanics},
  Author                   = {H. Hertz},
  Publisher                = {Macmillan},
  Year                     = {1896},

  Address                  = {New York},

  Owner                    = {Administrator},
  Timestamp                = {2014.03.25}
}

@Article{jeffreys1954,
  Title                    = {What is Hamilton's principle},
  Author                   = {H. Jeffreys},
  Journal                  = {Quarterly Journal of Mechanics and Applied Mathematics},
  Year                     = {1954},
  Pages                    = {335-337},
  Volume                   = {7},

  Owner                    = {Administrator},
  Timestamp                = {2014.03.25}
}

@Book{Neimark,
  Title                    = {Dynamics of Nonholonomic systems},
  Author                   = {Ju. I. Neimark and N. A. Fufaev},
  Publisher                = {American Mathematical Society},
  Year                     = {1972},

  Owner                    = {Administrator},
  Timestamp                = {2014.03.24}
}

@Article{pars1954,
  Title                    = {Variation principles in dynamics},
  Author                   = {L. A. Pars},
  Journal                  = {Quarterly Journal of Mechanics and Applied Mathematics},
  Year                     = {1954},
  Pages                    = {338-351},
  Volume                   = {7},

  Owner                    = {Administrator},
  Timestamp                = {2014.03.25}
}

@Book{markeyev,
  Title                    = {理论力学},
  Author                   = {马尔契夫},
  Publisher                = {高等教育出版社},
  Year                     = {2006},

  Address                  = {北京},

  Owner                    = {Administrator},
  Timestamp                = {2014.04.28}
}

@Book{mei1987,
  Title                    = {非完整系统力学研究},
  Author                   = {梅凤翔},
  Publisher                = {北京工业学院出版社},
  Year                     = {1987},

  Address                  = {北京},

  Owner                    = {Administrator},
  Timestamp                = {2014.04.28}
}

@Book{mei1985,
  Title                    = {非完整系统力学基础},
  Author                   = {梅凤翔},
  Publisher                = {北京工业学院出版社},
  Year                     = {1985},

  Address                  = {北京},

  Owner                    = {Administrator},
  Timestamp                = {2014.04.28}
}

@comment{jabref-meta: psDirectory:.;}

@comment{jabref-meta: fileDirectory-steven-stevenPC:.;}

@comment{jabref-meta: fileDirectory:.;}

@comment{jabref-meta: pdfDirectory:.;}

